@article{jadhav2024limitations,
  title={On Limitations of LLM as Annotator for Low Resource Languages},
  author={Jadhav, Suramya and Shanbhag, Abhay and Thakurdesai, Amogh and Sinare, Ridhima and Joshi, Raviraj},
  journal={arXiv preprint arXiv:2411.17637},
  year={2024}
}
